@misc{stochasticSQP,
      title={Sequential Quadratic Optimization for Nonlinear Equality Constrained Stochastic Optimization}, 
      author={Albert Berahas and Frank E. Curtis and Daniel P. Robinson and Baoyu Zhou},
      year={2020},
      eprint={2007.10525},
      archivePrefix={arXiv},
      primaryClass={math.OC},
      url={https://arxiv.org/abs/2007.10525}, 
}

@misc{almostSurely,
      title={Almost-sure convergence of iterates and multipliers in stochastic sequential quadratic optimization}, 
      author={Frank E. Curtis and Xin Jiang and Qi Wang},
      year={2023},
      eprint={2308.03687},
      archivePrefix={arXiv},
      primaryClass={math.OC},
      url={https://arxiv.org/abs/2308.03687}, 
}

@misc{interiorPoint,
      title={A Stochastic-Gradient-based Interior-Point Algorithm for Solving Smooth Bound-Constrained Optimization Problems}, 
      author={Frank E. Curtis and Vyacheslav Kungurtsev and Daniel P. Robinson and Qi Wang},
      year={2024},
      eprint={2304.14907},
      archivePrefix={arXiv},
      primaryClass={math.OC},
      url={https://arxiv.org/abs/2304.14907}, 
}

@misc{singleLoop,
      title={Single-Loop Deterministic and Stochastic Interior-Point Algorithms for Nonlinearly Constrained Optimization}, 
      author={Frank E. Curtis and Xin Jiang and Qi Wang},
      year={2024},
      eprint={2408.16186},
      archivePrefix={arXiv},
      primaryClass={math.OC},
      url={https://arxiv.org/abs/2408.16186}, 
}

@book{Nocedal2006Numerical,
  abstract = {{'Numerical Optimization' presents a comprehensive description of the effective methods in continuous optimization. The book includes chapters on nonlinear interior methods \& derivative-free methods for optimization. It is useful for graduate students, researchers and practitioners.}},
  added-at = {2019-03-01T00:11:50.000+0100},
  address = {New York},
  author = {Nocedal, Jorge and Wright, Stephen J.},
  biburl = {https://www.bibsonomy.org/bibtex/255a7423ee5e49aab708f02f70fd05790/gdmcbain},
  citeulike-article-id = {11101848},
  citeulike-linkout-0 = {http://dx.doi.org/10.1007/978-0-387-40065-5},
  citeulike-linkout-1 = {http://www.worldcat.org/isbn/9780387303031},
  citeulike-linkout-2 = {http://books.google.com/books?vid=ISBN9780387303031},
  citeulike-linkout-3 = {http://www.amazon.com/gp/search?keywords=9780387303031\&index=books\&linkCode=qs},
  citeulike-linkout-4 = {http://www.librarything.com/isbn/9780387303031},
  citeulike-linkout-5 = {http://www.worldcat.org/oclc/209918411},
  comment = {(private-note)`For line search (and optimization-based methods in general), I really like [\~{}]' (Paul T. Bauman, libmesh-users 2012-08-21)},
  doi = {10.1007/978-0-387-40065-5},
  edition = 2,
  interhash = {22a7fec4243462045dfaabf3a92ff93f},
  intrahash = {55a7423ee5e49aab708f02f70fd05790},
  isbn = {9780387303031},
  issn = {1431-8598},
  keywords = {65k10-numerical-analysis-optimization-and-variational-techniques},
  posted-at = {2012-08-21 16:03:32},
  priority = {2},
  publisher = {Springer},
  series = {Springer Series in Operations Research and Financial Engineering},
  timestamp = {2019-03-01T00:11:50.000+0100},
  title = {{Numerical Optimization}},
  url = {http://dx.doi.org/10.1007/978-0-387-40065-5},
  year = 2006
}
